% Sgr A* Publications: Currently Dummy Papers
@ARTICLE{PaperI,
   author = {{Event Horizon Telescope Collaboration} and {Akiyama}, K. and 
	{Alberdi}, A. and {Alef}, W. and {Asada}, K. and {Azulay}, R. and 
	{Baczko}, A.-K. and {Ball}, D. and {Balokovi{\'c}}, M. and {Barrett}, J. and et al.},
    title = "{Paper I}",
  journal = {\apjl},
     year = 2021,
    month = sep,
   volume = 875,
    pages = {1}
}

@ARTICLE{PaperII,
   author = {{Event Horizon Telescope Collaboration} and {Akiyama}, K. and 
	{Alberdi}, A. and {Alef}, W. and {Asada}, K. and {Azulay}, R. and 
	{Baczko}, A.-K. and {Ball}, D. and {Balokovi{\'c}}, M. and {Barrett}, J. and et al.},
    title = "{Paper I}",
  journal = {\apjl},
     year = 2021,
    month = sep,
   volume = 875,
    pages = {2}
}

@ARTICLE{PaperIII,
   author = {{Event Horizon Telescope Collaboration} and {Akiyama}, K. and 
	{Alberdi}, A. and {Alef}, W. and {Asada}, K. and {Azulay}, R. and 
	{Baczko}, A.-K. and {Ball}, D. and {Balokovi{\'c}}, M. and {Barrett}, J. and et al.},
    title = "{Paper I}",
  journal = {\apjl},
     year = 2021,
    month = sep,
   volume = 875,
    pages = {3}
}

@ARTICLE{PaperIV,
   author = {{Event Horizon Telescope Collaboration} and {Akiyama}, K. and 
	{Alberdi}, A. and {Alef}, W. and {Asada}, K. and {Azulay}, R. and 
	{Baczko}, A.-K. and {Ball}, D. and {Balokovi{\'c}}, M. and {Barrett}, J. and et al.},
    title = "{Paper I}",
  journal = {\apjl},
     year = 2021,
    month = sep,
   volume = 875,
    pages = {4}
}

@ARTICLE{PaperV,
   author = {{Event Horizon Telescope Collaboration} and {Akiyama}, K. and 
	{Alberdi}, A. and {Alef}, W. and {Asada}, K. and {Azulay}, R. and 
	{Baczko}, A.-K. and {Ball}, D. and {Balokovi{\'c}}, M. and {Barrett}, J. and et al.},
    title = "{Paper I}",
  journal = {\apjl},
     year = 2021,
    month = sep,
   volume = 875,
    pages = {5}
}

@ARTICLE{PaperVI,
   author = {{Event Horizon Telescope Collaboration} and {Akiyama}, K. and 
	{Alberdi}, A. and {Alef}, W. and {Asada}, K. and {Azulay}, R. and 
	{Baczko}, A.-K. and {Ball}, D. and {Balokovi{\'c}}, M. and {Barrett}, J. and et al.},
    title = "{Paper I}",
  journal = {\apjl},
     year = 2021,
    month = sep,
   volume = 875,
    pages = {6}
}


% M87 Publications
@ARTICLE{M87PaperI,
   author = {{Event Horizon Telescope Collaboration} and {Akiyama}, K. and 
	{Alberdi}, A. and {Alef}, W. and {Asada}, K. and {Azulay}, R. and 
	{Baczko}, A.-K. and {Ball}, D. and {Balokovi{\'c}}, M. and {Barrett}, J. and et al.},
    title = "{First M87 Event Horizon Telescope Results. I. The Shadow of the Supermassive Black Hole}",
  journal = {\apjl},
 keywords = {accretion, accretion disks, black hole physics, galaxies: active, galaxies: individual: M87, galaxies: jets, gravitation },
     year = 2019,
    month = apr,
   volume = 875,
      eid = {L1},
    pages = {L1},
      doi = {10.3847/2041-8213/ab0ec7},
   adsurl = {http://adsabs.harvard.edu/abs/2019ApJ...875L...1E},
  adsnote = {Provided by the SAO/NASA Astrophysics Data System}
}

@ARTICLE{M87PaperII,
   author = {{Event Horizon Telescope Collaboration} and {Akiyama}, K. and 
	{Alberdi}, A. and {Alef}, W. and {Asada}, K. and {Azulay}, R. and 
	{Baczko}, A.-K. and {Ball}, D. and {Balokovi{\'c}}, M. and {Barrett}, J. and et al.},
    title = "{First M87 Event Horizon Telescope Results. II. Array and Instrumentation}",
  journal = {\apjl},
 keywords = {black hole physics, galaxies: individual: M87, Galaxy: center, gravitational lensing: strong, instrumentation: interferometers, techniques: high angular resolution },
     year = 2019,
    month = apr,
   volume = 875,
      eid = {L2},
    pages = {L2},
      doi = {10.3847/2041-8213/ab0c96},
   adsurl = {http://adsabs.harvard.edu/abs/2019ApJ...875L...2E},
  adsnote = {Provided by the SAO/NASA Astrophysics Data System}
}

@ARTICLE{M87PaperIII,
   author = {{Event Horizon Telescope Collaboration} and {Akiyama}, K. and 
	{Alberdi}, A. and {Alef}, W. and {Asada}, K. and {Azulay}, R. and 
	{Baczko}, A.-K. and {Ball}, D. and {Balokovi{\'c}}, M. and {Barrett}, J. and et al.},
    title = "{First M87 Event Horizon Telescope Results. III. Data Processing and Calibration}",
  journal = {\apjl},
 keywords = {black hole physics, galaxies: individual: M87, 3C279, galaxies: jets, techniques: high angular resolution, techniques: interferometric },
     year = 2019,
    month = apr,
   volume = 875,
      eid = {L3},
    pages = {L3},
      doi = {10.3847/2041-8213/ab0c57},
   adsurl = {http://adsabs.harvard.edu/abs/2019ApJ...875L...3E},
  adsnote = {Provided by the SAO/NASA Astrophysics Data System}
}

@ARTICLE{M87PaperIV,
   author = {{Event Horizon Telescope Collaboration} and {Akiyama}, K. and 
	{Alberdi}, A. and {Alef}, W. and {Asada}, K. and {Azulay}, R. and 
	{Baczko}, A.-K. and {Ball}, D. and {Balokovi{\'c}}, M. and {Barrett}, J. and et al.},
    title = "{First M87 Event Horizon Telescope Results. IV. Imaging the Central Supermassive Black Hole}",
  journal = {\apjl},
 keywords = {black hole physics, galaxies: individual: M87, galaxies: jets, techniques: high angular resolution, techniques: image processing, techniques: interferometric },
     year = 2019,
    month = apr,
   volume = 875,
      eid = {L4},
    pages = {L4},
      doi = {10.3847/2041-8213/ab0e85},
   adsurl = {http://adsabs.harvard.edu/abs/2019ApJ...875L...4E},
  adsnote = {Provided by the SAO/NASA Astrophysics Data System}
}

@ARTICLE{M87PaperV,
   author = {{Event Horizon Telescope Collaboration} and {Akiyama}, K. and 
	{Alberdi}, A. and {Alef}, W. and {Asada}, K. and {Azulay}, R. and 
	{Baczko}, A.-K. and {Ball}, D. and {Balokovi{\'c}}, M. and {Barrett}, J. and et al.},
    title = "{First M87 Event Horizon Telescope Results. V. Physical Origin of the Asymmetric Ring}",
  journal = {\apjl},
 keywords = {accretion, accretion disks, black hole physics, galaxies: individual: M87, galaxies: jets, magnetohydrodynamics: MHD, techniques: high angular resolution },
     year = 2019,
    month = apr,
   volume = 875,
      eid = {L5},
    pages = {L5},
      doi = {10.3847/2041-8213/ab0f43},
   adsurl = {http://adsabs.harvard.edu/abs/2019ApJ...875L...5E},
  adsnote = {Provided by the SAO/NASA Astrophysics Data System}
}


@ARTICLE{M87PaperVI,
   author = {{Event Horizon Telescope Collaboration} and {Akiyama}, K. and 
	{Alberdi}, A. and {Alef}, W. and {Asada}, K. and {Azulay}, R. and 
	{Baczko}, A.-K. and {Ball}, D. and {Balokovi{\'c}}, M. and {Barrett}, J. and et al.},
    title = "{First M87 Event Horizon Telescope Results. VI. The Shadow and Mass of the Central Black Hole}",
  journal = {\apjl},
 keywords = {black hole physics, galaxies: individual: M87, gravitation, techniques: high angular resolution, techniques: interferometric },
     year = 2019,
    month = apr,
   volume = 875,
      eid = {L6},
    pages = {L6},
      doi = {10.3847/2041-8213/ab1141},
   adsurl = {http://adsabs.harvard.edu/abs/2019ApJ...875L...6E},
  adsnote = {Provided by the SAO/NASA Astrophysics Data System}
}

% M87 Paper VII and later papers are also dummy
@ARTICLE{M87PaperVII,
   author = {{Event Horizon Telescope Collaboration} and {Akiyama}, K. and 
	{Alberdi}, A. and {Alef}, W. and {Asada}, K. and {Azulay}, R. and 
	{Baczko}, A.-K. and {Ball}, D. and {Balokovi{\'c}}, M. and {Barrett}, J. and et al.},
  journal = {\apjl},
     year = 2021,
    month = apr,
   volume = 875,
    pages = {L7},
}

@ARTICLE{M87PaperVIII,
   author = {{Event Horizon Telescope Collaboration} and {Akiyama}, K. and 
	{Alberdi}, A. and {Alef}, W. and {Asada}, K. and {Azulay}, R. and 
	{Baczko}, A.-K. and {Ball}, D. and {Balokovi{\'c}}, M. and {Barrett}, J. and et al.},
  journal = {\apjl},
     year = 2021,
    month = apr,
   volume = 875,
    pages = {L8},
}

@ARTICLE{M87PaperXI,
   author = {{Event Horizon Telescope Collaboration} and {Akiyama}, K. and 
	{Alberdi}, A. and {Alef}, W. and {Asada}, K. and {Azulay}, R. and 
	{Baczko}, A.-K. and {Ball}, D. and {Balokovi{\'c}}, M. and {Barrett}, J. and et al.},
  journal = {\apjl},
     year = 2021,
    month = apr,
   volume = 875,
    pages = {L9},
}