@ARTICLE{2019Sci...365..664D,
       author = {{Do}, Tuan and {Hees}, Aurelien and {Ghez}, Andrea and {Martinez}, Gregory D. and {Chu}, Devin S. and {Jia}, Siyao and {Sakai}, Shoko and {Lu}, Jessica R. and {Gautam}, Abhimat K. and {O'Neil}, Kelly Kosmo and {Becklin}, Eric E. and {Morris}, Mark R. and {Matthews}, Keith and {Nishiyama}, Shogo and {Campbell}, Randy and {Chappell}, Samantha and {Chen}, Zhuo and {Ciurlo}, Anna and {Dehghanfar}, Arezu and {Gallego-Cano}, Eulalia and {Kerzendorf}, Wolfgang E. and {Lyke}, James E. and {Naoz}, Smadar and {Saida}, Hiromi and {Sch{\"o}del}, Rainer and {Takahashi}, Masaaki and {Takamori}, Yohsuke and {Witzel}, Gunther and {Wizinowich}, Peter},
        title = "{Relativistic redshift of the star S0-2 orbiting the Galactic Center supermassive black hole}",
      journal = {Science},
     keywords = {ASTRONOMY; PHYSICS, Astrophysics - Astrophysics of Galaxies, General Relativity and Quantum Cosmology},
         year = 2019,
        month = aug,
       volume = {365},
       number = {6454},
        pages = {664-668},
          doi = {10.1126/science.aav8137},
archivePrefix = {arXiv},
       eprint = {1907.10731},
 primaryClass = {astro-ph.GA},
       adsurl = {https://ui.adsabs.harvard.edu/abs/2019Sci...365..664D},
      adsnote = {Provided by the SAO/NASA Astrophysics Data System}
}

@ARTICLE{2019A&A...625L..10G,
       author = {{Gravity Collaboration} and {Abuter}, R. and {Amorim}, A. and {Baub{\"o}ck}, M. and {Berger}, J.~P. and {Bonnet}, H. and {Brandner}, W. and {Cl{\'e}net}, Y. and {Coud{\'e} Du Foresto}, V. and {de Zeeuw}, P.~T. and {Dexter}, J. and {Duvert}, G. and {Eckart}, A. and {Eisenhauer}, F. and {F{\"o}rster Schreiber}, N.~M. and {Garcia}, P. and {Gao}, F. and {Gendron}, E. and {Genzel}, R. and {Gerhard}, O. and {Gillessen}, S. and {Habibi}, M. and {Haubois}, X. and {Henning}, T. and {Hippler}, S. and {Horrobin}, M. and {Jim{\'e}nez-Rosales}, A. and {Jocou}, L. and {Kervella}, P. and {Lacour}, S. and {Lapeyr{\`e}re}, V. and {Le Bouquin}, J. -B. and {L{\'e}na}, P. and {Ott}, T. and {Paumard}, T. and {Perraut}, K. and {Perrin}, G. and {Pfuhl}, O. and {Rabien}, S. and {Rodriguez Coira}, G. and {Rousset}, G. and {Scheithauer}, S. and {Sternberg}, A. and {Straub}, O. and {Straubmeier}, C. and {Sturm}, E. and {Tacconi}, L.~J. and {Vincent}, F. and {von Fellenberg}, S. and {Waisberg}, I. and {Widmann}, F. and {Wieprecht}, E. and {Wiezorrek}, E. and {Woillez}, J. and {Yazici}, S.},
        title = "{A geometric distance measurement to the Galactic center black hole with 0.3\% uncertainty}",
      journal = {\aap},
     keywords = {black hole physics, astrometry, Galaxy: nucleus, Astrophysics - Astrophysics of Galaxies},
         year = 2019,
        month = may,
       volume = {625},
          eid = {L10},
        pages = {L10},
          doi = {10.1051/0004-6361/201935656},
archivePrefix = {arXiv},
       eprint = {1904.05721},
 primaryClass = {astro-ph.GA},
       adsurl = {https://ui.adsabs.harvard.edu/abs/2019A&A...625L..10G},
      adsnote = {Provided by the SAO/NASA Astrophysics Data System}
}

@ARTICLE{2019ApJ...875L...5E,
       author = {{Event Horizon Telescope Collaboration} and {Akiyama}, Kazunori and {Alberdi}, Antxon and {Alef}, Walter and {Asada}, Keiichi and {Azulay}, Rebecca and {Baczko}, Anne-Kathrin and {Ball}, David and {Balokovi{\'c}}, Mislav and {Barrett}, John and et al.},
        title = "{First M87 Event Horizon Telescope Results. V. Physical Origin of the Asymmetric Ring}",
      journal = {\apjl},
     keywords = {accretion, accretion disks, black hole physics, galaxies: individual: M87, galaxies: jets, magnetohydrodynamics: MHD, techniques: high angular resolution, Astrophysics - Astrophysics of Galaxies, Astrophysics - High Energy Astrophysical Phenomena, General Relativity and Quantum Cosmology},
         year = 2019,
        month = apr,
       volume = {875},
       number = {1},
          eid = {L5},
        pages = {L5},
          doi = {10.3847/2041-8213/ab0f43},
archivePrefix = {arXiv},
       eprint = {1906.11242},
 primaryClass = {astro-ph.GA},
       adsurl = {https://ui.adsabs.harvard.edu/abs/2019ApJ...875L...5E},
      adsnote = {Provided by the SAO/NASA Astrophysics Data System}
}

@ARTICLE{2019MNRAS.482L.123R,
       author = {{Ressler}, S.~M. and {Quataert}, E. and {Stone}, J.~M.},
        title = "{Accretion of magnetized stellar winds in the Galactic centre: implications for Sgr A* and PSR J1745-2900}",
      journal = {\mnras},
     keywords = {accretion, accretion discs, black hole physics, (magnetohydrodynamics) MHD, polarization, stars: Wolf-Rayet, Galaxy: centre, Astrophysics - High Energy Astrophysical Phenomena},
         year = 2019,
        month = jan,
       volume = {482},
       number = {1},
        pages = {L123-L128},
          doi = {10.1093/mnrasl/sly201},
archivePrefix = {arXiv},
       eprint = {1810.08617},
 primaryClass = {astro-ph.HE},
       adsurl = {https://ui.adsabs.harvard.edu/abs/2019MNRAS.482L.123R},
      adsnote = {Provided by the SAO/NASA Astrophysics Data System}
}


