
@article {Kawazura771,
	author = {Kawazura, Yohei and Barnes, Michael and Schekochihin, Alexander A.},
	title = {Thermal disequilibration of ions and electrons by collisionless plasma turbulence},
	volume = {116},
	number = {3},
	pages = {771--776},
	year = {2019},
	doi = {10.1073/pnas.1812491116},
	publisher = {National Academy of Sciences},
	issn = {0027-8424},
	URL = {https://www.pnas.org/content/116/3/771},
	eprint = {https://www.pnas.org/content/116/3/771.full.pdf},
	journal = {Proceedings of the National Academy of Sciences}
}

@article{PhysRevX.10.041050,
  title = {Ion versus Electron Heating in Compressively Driven Astrophysical Gyrokinetic Turbulence},
  author = {Kawazura, Y. and Schekochihin, A. A. and Barnes, M. and TenBarge, J. M. and Tong, Y. and Klein, K. G. and Dorland, W.},
  journal = {Phys. Rev. X},
  volume = {10},
  issue = {4},
  pages = {041050},
  numpages = {12},
  year = {2020},
  month = {Dec},
  publisher = {American Physical Society},
  doi = {10.1103/PhysRevX.10.041050},
  url = {https://link.aps.org/doi/10.1103/PhysRevX.10.041050}
}

@misc{kawazura2021energy,
      title={Energy partition between Alfv\'enic and compressive fluctuations in magnetorotational turbulence with near-azimuthal mean magnetic field},
      author={Y. Kawazura and A. A. Schekochihin and M. Barnes and W. Dorland and S. A. Balbus},
      year={2021},
      eprint={2110.12434},
      archivePrefix={arXiv},
      primaryClass={astro-ph.HE}
}

@article{Mahadevan_1997,
	doi = {10.1086/304908},
	url = {https://doi.org/10.1086/304908},
	year = 1997,
	month = {dec},
	publisher = {American Astronomical Society},
	volume = {490},
	number = {2},
	pages = {605--618},
	author = {Rohan Mahadevan and Eliot Quataert},
	title = {Are Particles in Advection-dominated Accretion Flows Thermal?},
	journal = {The Astrophysical Journal}
}

@ARTICLE{2021arXiv210812380N,
       author = {{Narayan}, Ramesh and {Chael}, Andrew and {Chatterjee}, Koushik and {Ricarte}, Angelo and {Curd}, Brandon},
        title = "{Jets in Magnetically Arrested Hot Accretion Flows: Geometry, Power and Black Hole Spindown}",
      journal = {arXiv e-prints},
     keywords = {Astrophysics - High Energy Astrophysical Phenomena},
         year = 2021,
        month = aug,
          eid = {arXiv:2108.12380},
        pages = {arXiv:2108.12380},
archivePrefix = {arXiv},
       eprint = {2108.12380},
 primaryClass = {astro-ph.HE},
       adsurl = {https://ui.adsabs.harvard.edu/abs/2021arXiv210812380N},
      adsnote = {Provided by the SAO/NASA Astrophysics Data System}
}

@article{Quataert_1998,
	doi = {10.1086/305770},
	url = {https://doi.org/10.1086/305770},
	year = 1998,
	month = {jun},
	publisher = {American Astronomical Society},
	volume = {500},
	number = {2},
	pages = {978--991},
	author = {Eliot Quataert},
	title = {Particle Heating by Alfvenic Turbulence in Hot Accretion Flows},
	journal = {The Astrophysical Journal}
}

@article{10.1093/mnras/stv2084,
    author = {Ressler, S. M. and Tchekhovskoy, A. and Quataert, E. and Chandra, M. and Gammie, C. F.},
    title = "{Electron thermodynamics in GRMHD simulations of low-luminosity black hole accretion}",
    journal = {Monthly Notices of the Royal Astronomical Society},
    volume = {454},
    number = {2},
    pages = {1848-1870},
    year = {2015},
    month = {10},
    issn = {0035-8711},
    doi = {10.1093/mnras/stv2084},
    url = {https://doi.org/10.1093/mnras/stv2084},
    eprint = {https://academic.oup.com/mnras/article-pdf/454/2/1848/9504031/stv2084.pdf}
}

@article{Rowan_2017,
	doi = {10.3847/1538-4357/aa9380},
	url = {https://doi.org/10.3847/1538-4357/aa9380},
	year = 2017,
	month = {nov},
	publisher = {American Astronomical Society},
	volume = {850},
	number = {1},
	pages = {29},
	author = {Michael E. Rowan and Lorenzo Sironi and Ramesh Narayan},
	title = {Electron and Proton Heating in Transrelativistic Magnetic Reconnection},
	journal = {The Astrophysical Journal}
}

@article{Rowan_2019,
	doi = {10.3847/1538-4357/ab03d7},
	url = {https://doi.org/10.3847/1538-4357/ab03d7},
	year = 2019,
	month = {feb},
	publisher = {American Astronomical Society},
	volume = {873},
	number = {1},
	pages = {2},
	author = {Michael E. Rowan and Lorenzo Sironi and Ramesh Narayan},
	title = {Electron and Proton Heating in Transrelativistic Guide Field Reconnection},
	journal = {The Astrophysical Journal}
}

@article{Ryan_2017,
	doi = {10.3847/2041-8213/aa8034},
	url = {https://doi.org/10.3847/2041-8213/aa8034},
	year = 2017,
	month = {jul},
	publisher = {American Astronomical Society},
	volume = {844},
	number = {2},
	pages = {L24},
	author = {Benjamin R. Ryan and Sean M. Ressler and Joshua C. Dolence and Alexander Tchekhovskoy and Charles Gammie and Eliot Quataert},
	title = {The Radiative Efficiency and Spectra of Slowly Accreting Black Holes from Two-temperature {GRRMHD} Simulations},
	journal = {The Astrophysical Journal},
}

@article{Ryan_2018,
	doi = {10.3847/1538-4357/aad73a},
	url = {https://doi.org/10.3847/1538-4357/aad73a},
	year = 2018,
	month = {sep},
	publisher = {American Astronomical Society},
	volume = {864},
	number = {2},
	pages = {126},
	author = {Benjamin R. Ryan and Sean M. Ressler and Joshua C. Dolence and Charles Gammie and Eliot Quataert},
	title = {Two-temperature {GRRMHD} Simulations of M87},
	journal = {The Astrophysical Journal}
}

@article{10.1093/mnras/stw3116,
    author = {Sądowski, Aleksander and Wielgus, Maciek and Narayan, Ramesh and Abarca, David and McKinney, Jonathan C. and Chael, Andrew},
    title = "{Radiative, two-temperature simulations of low-luminosity black hole accretion flows in general relativity}",
    journal = {Monthly Notices of the Royal Astronomical Society},
    volume = {466},
    number = {1},
    pages = {705-725},
    year = {2016},
    month = {12},
    issn = {0035-8711},
    doi = {10.1093/mnras/stw3116},
    url = {https://doi.org/10.1093/mnras/stw3116},
    eprint = {https://academic.oup.com/mnras/article-pdf/466/1/705/10865662/stw3116.pdf}
}

@article{10.1093/mnras/stx2530,
    author = {Werner, G. R. and Uzdensky, D. A. and Begelman, M. C. and Cerutti, B. and Nalewajko, K.},
    title = "{Non-thermal particle acceleration in collisionless relativistic electron–proton reconnection}",
    journal = {Monthly Notices of the Royal Astronomical Society},
    volume = {473},
    number = {4},
    pages = {4840-4861},
    year = {2017},
    month = {09},
    issn = {0035-8711},
    doi = {10.1093/mnras/stx2530},
    url = {https://doi.org/10.1093/mnras/stx2530},
    eprint = {https://academic.oup.com/mnras/article-pdf/473/4/4840/21966601/stx2530.pdf},
}
